<record><leader>00000cas a22000007a 4500</leader><controlfield tag="001">17735913</controlfield><controlfield tag="008">880405d1916191uohumn ne      0    0eng d</controlfield><controlfield tag="009">8043</controlfield><datafield ind1=" " ind2=" " tag="010"><subfield code="a">sn 88078403 </subfield></datafield><datafield ind1=" " ind2=" " tag="040"><subfield code="a">ONP</subfield><subfield code="b">eng</subfield><subfield code="c">ONP</subfield><subfield code="d">DLC</subfield><subfield code="d">ONP</subfield><subfield code="d">OCLCQ</subfield></datafield><datafield ind1="0" ind2=" " tag="130"><subfield code="a">Advance (Hiram, Ohio : 1916)</subfield></datafield><datafield ind1="1" ind2="4" tag="245"><subfield code="a">The Advance.</subfield></datafield><datafield ind1=" " ind2=" " tag="260"><subfield code="a">Hiram, Ohio :</subfield><subfield code="b">Literary Societies of Hiram College,</subfield><subfield code="c">1916-</subfield></datafield><datafield ind1=" " ind2=" " tag="310"><subfield code="a">Monthly (during the school year)</subfield></datafield><datafield ind1="0" ind2=" " tag="362"><subfield code="a">Vol. 26, no. 1 (Nov. 1916)-</subfield></datafield><datafield ind1=" " ind2=" " tag="500"><subfield code="a">Published for the students of Hiram College.</subfield></datafield><datafield ind1=" " ind2=" " tag="752"><subfield code="a">United States</subfield><subfield code="b">Ohio</subfield><subfield code="c">Portage</subfield><subfield code="d">Hiram.</subfield></datafield><datafield ind1="0" ind2="0" tag="780"><subfield code="t">Hiram College advance (Hiram, Ohio : 1912)</subfield><subfield code="w">(DLC)sn 88078402</subfield></datafield></record>